@article{sleator1986self,
  title     = {Self-adjusting heaps},
  author    = {Sleator, Daniel Dominic and Tarjan, Robert Endre},
  journal   = {SIAM Journal on Computing},
  volume    = {15},
  number    = {1},
  pages     = {52--69},
  year      = {1986},
  publisher = {SIAM}
}
@article{kaldewaij1991derivation,
  title     = {The derivation of a tighter bound for top-down skew heaps},
  author    = {Kaldewaij, Anne and Schoenmakers, Berry},
  journal   = {Information Processing Letters},
  volume    = {37},
  number    = {5},
  pages     = {265--271},
  year      = {1991},
  publisher = {Elsevier}
}
@article{schoenmakers1997tight,
  title     = {A tight lower bound for top-down skew heaps},
  author    = {Schoenmakers, Berry},
  journal   = {Information processing letters},
  volume    = {61},
  number    = {5},
  pages     = {279--284},
  year      = {1997},
  publisher = {Elsevier}
}
